@phdthesis{collins2002numerical,
  title={Numerical modelling of large impact crater collapse},
  author={Collins, Gareth S},
  year={2002},
  school={Imperial College London (University of London)}
}

@article{morgan2000peak,
  title={Peak-ring formation in large impact craters: Geophysical constraints from Chicxulub},
  author={Morgan, JV and Warner, MR and Collins, GS and Melosh, HJ and Christeson, GL},
  journal={Earth and Planetary Science Letters},
  volume={183},
  number={3},
  pages={347--354},
  year={2000},
  publisher={Elsevier}
}

@article{collins2003acoustic,
  title={Acoustic fluidization and the extraordinary mobility of sturzstroms},
  author={Collins, Gareth S and Melosh, H Jay},
  journal={Journal of Geophysical Research},
  volume={108},
  pages={2473},
  year={2003},
  publisher={American Geophysical Union}
}

@article{melosh1979acoustic,
  title={Acoustic fluidization: A new geologic process?},
  author={Melosh, H Jay},
  journal={Journal of Geophysical Research},
  volume={84},
  pages={7513--7520},
  year={1979},
  publisher={Wiley Online Library}
}

@article{ivanov1997block,
  title={Block oscillation model for impact crater collapse},
  author={Ivanov, B A and Kostuchenko, V N},
  journal={Lunar and Planetary Institute Science Conference Abstracts},
  volume={28},
  pages={631},
  year={1997}
}

@article{pike1977apparent,
  title={Apparent depth/apparent diameter relation for lunar craters},
  author={Pike, RJ},
  journal={Lunar and Planetary Science Conference Proceedings},
  volume={8},
  pages={3427--3436},
  year={1977}
}

@article{melosh1999impact,
  title={Impact crater collapse},
  author={Melosh, H J and Ivanov, B A},
  journal={Annual Review of Earth and Planetary Sciences},
  volume={27},
  pages={385--415},
  year={1999},
}

@book{osinski2012impact,
  title={Impact cratering: processes and products},
  author={Osinski, Gordon R and Pierazzo, Elisabetta},
  year={2012},
  publisher={John Wiley \& Sons}
}

@inbook{kenkmann2012modification,
  author={Kenkmann, T and Collins, G, S and W\"{u}nnemann, K},
  chapter= {The modification stage of crater formation},
  crossref = {osinski2012impact}
}

@inbook{melosh2012contact,
  author={Melosh, H J},
  chapter= {The contact and compression stage of crater formation},
  crossref = {osinski2012impact}
}

@article{schulte2010chicxulub,
  title={The Chicxulub asteroid impact and mass extinction at the Cretaceous-Paleogene boundary},
  author={Schulte, Peter and Alegret, Laia and Arenillas, Ignacio and Arz, Jos{\'e} A and Barton, Penny J and Bown, Paul R and Bralower, Timothy J and Christeson, Gail L and Claeys, Philippe and Cockell, Charles S and others},
  journal={Science},
  volume={327},
  pages={1214--1218},
  year={2010},
}

@article{melosh1985impact,
  title={Impact cratering mechanics: Relationship between the shock wave and excavation flow},
  author={Melosh, H J},
  journal={Icarus},
  volume={62},
  pages={339--343},
  year={1985},
  publisher={Elsevier}
}

@article{melosh1996dynamical,
  title={Dynamical weakening of faults by acoustic fluidization},
  author={Melosh, Helmut J},
  year={1996},
  journal={Nature},
  volume={379},
  pages={601-606},
  publisher={Nature Publishing Group}
}

@article{nolan1996impact,
  title={Impact Craters on Asteroids: Does Gravity or Strength Control Their Size?},
  author={Nolan, Michael C and Asphaug, Erik and Melosh, H Jay and Greenberg, Richard},
  journal={Icarus},
  volume={124},
  number={2},
  pages={359--371},
  year={1996},
  publisher={Elsevier}
}

@article{turtle2005impact,
  title={Impact structures: What does crater diameter mean?},
  author={Turtle, EP and Pierazzo, E and Collins, GS and Osinski, GR and Melosh, HJ and Morgan, JV and Reimold, WU},
  journal={Geological Society of America},
  volume={384},
  pages={1--24},
  year={2005}
}

@article{collins2012impact,
  title={The impact-cratering process},
  author={Collins, Gareth S and Melosh, H Jay and Osinski, Gordon R},
  journal={Elements},
  volume={8},
  pages={25--30},
  year={2012},
}

@article{mckinnon1978investigation,
  title={An investigation into the role of plastic failure in crater modification},
  author={McKinnon, WB},
  journal={Lunar and Planetary Science Conference Proceedings},
  volume={9},
  pages={3965--3973},
  year={1978}
}

@article{hale1980central,
  title={Central peaks in Mercurian craters-Comparisons to the moon},
  author={Hale, W and Head, JW},
  journal={Lunar and Planetary Science Conference Proceedings},
  volume={11},
  pages={2191--2205},
  year={1980}
}

@article{grieve1982method,
  title={A method for estimating the initial impact conditions of terrestrial cratering events, exemplified by its application to Brent crater, Ontario},
  author={Grieve, RAF and Cintala, MJ},
  journal={Lunar and Planetary Science Conference Proceedings},
  volume={12},
  pages={1607--1621},
  year={1982}
}

@article{collins2004modeling,
  title={Modeling damage and deformation in impact simulations},
  author={Collins, Gareth S and Melosh, H Jay and Ivanov, Boris A},
  journal={Meteoritics \& Planetary Science},
  volume={39},
  pages={217--231},
  year={2004},
  publisher={Wiley Online Library}
}

@article{dainty1981scattering,
  title={A scattering model to explain seismic Q observations in the lithosphere between 1 and 30 Hz},
  author={Dainty, AM},
  journal={Geophysical Research Letters},
  volume={8},
  pages={1126--1128},
  year={1981},
  publisher={Wiley Online Library}
}

@article{collins2002hydrocode,
  title={Hydrocode simulations of Chicxulub crater collapse and peak-ring formation},
  author={Collins, Gareth S and Melosh, H Jay and Morgan, Jo V and Warner, Mike R},
  journal={Icarus},
  volume={157},
  pages={24--33},
  year={2002},
  publisher={Elsevier}
}

@article{grieve2008observations,
  title={Observations and interpretations at Vredefort, Sudbury, and Chicxulub: Towards an empirical model of terrestrial impact basin formation},
  author={Grieve, Richard AF and Reimold, W Uwe and Morgan, Joanna and Riller, Ulrich and Pilkington, Mark},
  journal={Meteoritics \& Planetary Science},
  volume={43},
  pages={855--882},
  year={2008},
  publisher={Wiley Online Library}
}

@article{ivanov2005numerical,
  title={Numerical modeling of the largest terrestrial meteorite craters},
  author={Ivanov, BA},
  journal={Solar System Research},
  volume={39},
  pages={381--409},
  year={2005},
  publisher={Springer}
}

@article{morgan2011full,
  title={Full waveform tomographic images of the peak ring at the Chicxulub impact crater},
  author={Morgan, JV and Warner, MR and Collins, GS and Grieve, RAF and Christeson, GL and Gulick, SPS and Barton, PJ},
  journal={Journal of Geophysical Research: Solid Earth (1978--2012)},
  volume={116},
  year={2011}
}

@book{anderson1989theory,
  title={Theory of the Earth},
  author={Anderson, Don L},
  year={1989},
  publisher={Blackwell Scientific Publications}
}

@article{o1993planetary,
  title={Planetary cratering mechanics},
  author={O'Keefe, John D and Ahrens, Thomas J},
  journal={Journal of Geophysical Research: Planets (1991--2012)},
  volume={98},
  pages={17011--17028},
  year={1993},
  publisher={Wiley Online Library}
}

@article{wunnemann2003numerical,
  title={Numerical modelling of the impact crater depth--diameter dependence in an acoustically fluidized target},
  author={W{\"u}nnemann, K and Ivanov, BA},
  journal={Planetary and Space Science},
  volume={51},
  pages={831--845},
  year={2003},
  publisher={Elsevier}
}

@article{grieve1992terrestrial,
  title={The terrestrial impact cratering record},
  author={Grieve, RAF and Pesonen, LJ},
  journal={Tectonophysics},
  volume={216},
  pages={1--30},
  year={1992},
  publisher={Elsevier}
}