@article{chapin1979evolution,
  title={Evolution of the Rio Grande riftâ€”summary},
  author={Chapin, Charles E},
  journal={Special Publications},
  volume={14},
  pages={1--6},
  year={1979},
  publisher={American Geophysical Union}
}

@article{hedge1968precambrian,
  title={Precambrian geochronology of the northwestern Uncompahgre Plateau, Utah and Colorado},
  author={Hedge, Carl E and Peterman, Zell E and Case, JE and Obradovich, John D},
  journal={US Geological Survey Professional Paper},
  pages={C91--C96},
  year={1968}
}

@article{moucha2008mantle,
  title={Mantle convection and the recent evolution of the Colorado Plateau and the Rio Grande Rift valley},
  author={Moucha, Robert and Forte, Alessandro M and Rowley, David B and Mitrovica, Jerry X and Simmons, Nathan A and Grand, Stephen P},
  journal={Geology},
  volume={36},
  number={6},
  pages={439--442},
  year={2008},
  publisher={Geological Society of America}
}

@article{bastow2005upper,
  title={Upper-mantle seismic structure in a region of incipient continental breakup: northern Ethiopian rift},
  author={Bastow, Ian D and Stuart, Graham W and Kendall, J-Michael and Ebinger, Cynthia J},
  journal={Geophysical Journal International},
  volume={162},
  number={2},
  pages={479--493},
  year={2005},
  publisher={Oxford University Press}
}

@article{liu2008reconstructing,
  title={Reconstructing Farallon plate subduction beneath North America back to the Late Cretaceous},
  author={Liu, Lijun and Spasojevi{\'c}, Sonja and Gurnis, Michael},
  journal={Science},
  volume={322},
  number={5903},
  pages={934--938},
  year={2008},
  publisher={American Association for the Advancement of Science}
}

@article{humphreys1995post,
  title={Post-Laramide removal of the Farallon slab, western United States},
  author={Humphreys, Eugene D},
  journal={Geology},
  volume={23},
  number={11},
  pages={987--990},
  year={1995},
  publisher={Geological Society of America}
}

@article{porco2006cassini,
  title={Cassini observes the active south pole of Enceladus},
  author={Porco, CC and Helfenstein, P and Thomas, PC and Ingersoll, AP and Wisdom, J and West, R and Neukum, G and Denk, T and Wagner, R and Roatsch, Th and others},
  journal={Science},
  volume={311},
  number={5766},
  pages={1393--1401},
  year={2006},
  publisher={American Association for the Advancement of Science}
}
@article{verbiscer2005opposition,
  title={The opposition surge of Enceladus: HST observations 338--1022 nm},
  author={Verbiscer, Anne J and French, Richard G and McGhee, Colleen A},
  journal={Icarus},
  volume={173},
  number={1},
  pages={66--83},
  year={2005},
  publisher={Elsevier}
}

@article{cruikshank1980near,
  title={Near-infrared studies of the satellites of Saturn and Uranus},
  author={Cruikshank, Dale P},
  journal={Icarus},
  volume={41},
  number={2},
  pages={246--258},
  year={1980},
  publisher={Elsevier}
}

@article{howett2011high,
  title={High heat flow from Enceladus' south polar region measured using 10--600 cm- 1 Cassini/CIRS data},
  author={Howett, CJA and Spencer, JR and Pearl, J and Segura, M},
  journal={Journal of Geophysical Research: Planets (1991--2012)},
  volume={116},
  number={E3},
  year={2011},
  publisher={Wiley Online Library}
}

@article{nimmo2007shear,
  title={Shear heating as the origin of the plumes and heat flux on Enceladus},
  author={Nimmo, F and Spencer, JR and Pappalardo, RT and Mullen, ME},
  journal={Nature},
  volume={447},
  number={7142},
  pages={289--291},
  year={2007},
  publisher={Nature Publishing Group}
}

@article{waite2009liquid,
  title={Liquid water on Enceladus from observations of ammonia and 40Ar in the plume},
  author={Waite Jr, J Hunter and Lewis, WS and Magee, BA and Lunine, JI and McKinnon, WB and Glein, CR and Mousis, O and Young, DT and Brockwell, T and Westlake, J and others},
  journal={Nature},
  volume={460},
  number={7254},
  pages={487--490},
  year={2009},
  publisher={Nature Publishing Group}
}

@article{schubert2007enceladus,
  title={Enceladus: Present internal structure and differentiation by early and long-term radiogenic heating},
  author={Schubert, Gerald and Anderson, John D and Travis, Bryan J and Palguta, Jennifer},
  journal={Icarus},
  volume={188},
  number={2},
  pages={345--355},
  year={2007},
  publisher={Elsevier}
}

@article{iess2014gravity,
  title={The gravity field and interior structure of Enceladus},
  author={Iess, L and Stevenson, DJ and Parisi, M and Hemingway, D and Jacobson, RA and Lunine, JI and Nimmo, F and Armstrong, JW and Asmar, SW and Ducci, M and others},
  journal={Science},
  volume={344},
  number={6179},
  pages={78--80},
  year={2014},
  publisher={American Association for the Advancement of Science}
}

@book{turcotte2014geodynamics,
  title={Geodynamics},
  author={Turcotte, Donald L and Schubert, Gerald},
  year={2014},
  publisher={Cambridge University Press}
}

@article{bland2007unstable,
  title={Unstable extension of Enceladus' lithosphere},
  author={Bland, Michael T and Beyer, Ross A and Showman, Adam P},
  journal={Icarus},
  volume={192},
  number={1},
  pages={92--105},
  year={2007},
  publisher={Elsevier}
}

@article{spencer2006cassini,
  title={Cassini encounters Enceladus: Background and the discovery of a south polar hot spot},
  author={Spencer, JR and Pearl, JC and Segura, M and Flasar, FM and Mamoutkine, A and Romani, P and Buratti, BJ and Hendrix, AR and Spilker, LJ and Lopes, RMC},
  journal={science},
  volume={311},
  number={5766},
  pages={1401--1405},
  year={2006},
  publisher={American Association for the Advancement of Science}
}

@article{olgin2011limits,
  title={Limits of Enceladus's ice shell thickness from tidally driven tiger stripe shear failure},
  author={Olgin, John G and Smith-Konter, Bridget R and Pappalardo, Robert T},
  journal={Geophysical Research Letters},
  volume={38},
  number={2},
  year={2011},
  publisher={Wiley Online Library}
}

@inproceedings{mckinnon2013enceladus,
  title={Is Enceladus' Internal Ocean Doomed to Freeze?},
  author={McKinnon, WB and Barr, AC},
  booktitle={AGU Fall Meeting Abstracts},
  volume={1},
  pages={07},
  year={2013}
}

@article{barr2007convection,
  title={Convection in Enceladus' ice shell: Conditions for initiation},
  author={Barr, Amy C and McKinnon, William B},
  journal={Geophysical research letters},
  volume={34},
  number={9},
  year={2007},
  publisher={Wiley Online Library}
}

@article{barr2008mobile,
  title={Mobile lid convection beneath Enceladus' south polar terrain},
  author={Barr, Amy C},
  journal={Journal of Geophysical Research: Planets (1991--2012)},
  volume={113},
  number={E7},
  year={2008},
  publisher={Wiley Online Library}
}

@article{mitri2008model,
  title={A model for the temperature-dependence of tidal dissipation in convective plumes on icy satellites: Implications for Europa and Enceladus},
  author={Mitri, Giuseppe and Showman, Adam P},
  journal={Icarus},
  volume={195},
  number={2},
  pages={758--764},
  year={2008},
  publisher={Elsevier}
}

@article{zimmer2000subsurface,
  title={Subsurface oceans on Europa and Callisto: Constraints from Galileo magnetometer observations},
  author={Zimmer, Christophe and Khurana, Krishan K and Kivelson, Margaret G},
  journal={Icarus},
  volume={147},
  number={2},
  pages={329--347},
  year={2000},
  publisher={Elsevier}
}

@article{beghin2010titan,
  title={Titan's native ocean revealed beneath some 45km of ice by a Schumann-like resonance},
  author={B{\'e}ghin, Christian and Sotin, Christophe and Hamelin, Michel},
  journal={Comptes Rendus Geoscience},
  volume={342},
  number={6},
  pages={425--433},
  year={2010},
  publisher={Elsevier}
}

@article{bills2011rotational,
  title={Rotational dynamics and internal structure of Titan},
  author={Bills, Bruce G and Nimmo, Francis},
  journal={Icarus},
  volume={214},
  number={1},
  pages={351--355},
  year={2011},
  publisher={Elsevier}
}

@article{sagan1982tide,
  title={The tide in the seas of Titan},
  author={Sagan, Carl and Dermott, Stanley F},
  journal={Nature},
  volume={300},
  number={5894},
  pages={731--733},
  year={1982},
  publisher={Nature Publishing Group}
}

@article{sears1995tidal,
  title={Tidal dissipation in oceans on Titan},
  author={Sears, William D},
  journal={Icarus},
  volume={113},
  number={1},
  pages={39--56},
  year={1995},
  publisher={Elsevier}
}

@article{sohl1995tidal,
  title={Tidal dissipation on Titan},
  author={Sohl, Frank and Sears, William D and Lorenz, Ralph D},
  journal={Icarus},
  volume={115},
  number={2},
  pages={278--294},
  year={1995},
  publisher={Elsevier}
}

@article{tyler2008strong,
  title={Strong ocean tidal flow and heating on moons of the outer planets},
  author={Tyler, Robert H},
  journal={Nature},
  volume={456},
  number={7223},
  pages={770--772},
  year={2008},
  publisher={Nature Publishing Group}
}

@article{chen2011obliquity,
  title={Obliquity tides do not significantly heat Enceladus},
  author={Chen, EMA and Nimmo, F},
  journal={Icarus},
  volume={214},
  number={2},
  pages={779--781},
  year={2011},
  publisher={Elsevier}
}

@article{matsuyama2014tidal,
  title={Tidal dissipation in the oceans of icy satellites},
  author={Matsuyama, Isamu},
  journal={Icarus},
  volume={242},
  pages={11--18},
  year={2014},
  publisher={Elsevier}
}

@article{kivelson2000galileo,
  title={Galileo magnetometer measurements: A stronger case for a subsurface ocean at Europa},
  author={Kivelson, Margaret G and Khurana, Krishan K and Russell, Christopher T and Volwerk, Martin and Walker, Raymond J and Zimmer, Christophe},
  journal={Science},
  volume={289},
  number={5483},
  pages={1340--1343},
  year={2000},
  publisher={American Association for the Advancement of Science}
}

@article{hand2007empirical,
  title={Empirical constraints on the salinity of the europan ocean and implications for a thin ice shell},
  author={Hand, Kevin P and Chyba, Christopher F},
  journal={Icarus},
  volume={189},
  number={2},
  pages={424--438},
  year={2007},
  publisher={Elsevier}
}

@article{hansen2011composition,
  title={The composition and structure of the Enceladus plume},
  author={Hansen, CJ and Shemansky, DE and Esposito, LW and Stewart, AIF and Lewis, BR and Colwell, JE and Hendrix, AR and West, RA and Waite, JH and Teolis, B and others},
  journal={Geophysical Research Letters},
  volume={38},
  number={11},
  year={2011},
  publisher={Wiley Online Library}
}

@article{moore2000tidal,
  title={The tidal response of Europa},
  author={Moore, William B and Schubert, Gerald},
  journal={Icarus},
  volume={147},
  number={1},
  pages={317--319},
  year={2000},
  publisher={Elsevier}
}

@article{roberts2008tidal,
  title={Tidal heating and the long-term stability of a subsurface ocean on Enceladus},
  author={Roberts, James H and Nimmo, Francis},
  journal={Icarus},
  volume={194},
  number={2},
  pages={675--689},
  year={2008},
  publisher={Elsevier}
}

@article{beuthe2013spatial,
  title={Spatial patterns of tidal heating},
  author={Beuthe, Mikael},
  journal={Icarus},
  volume={223},
  number={1},
  pages={308--329},
  year={2013},
  publisher={Elsevier}
}

@article{zahel1973diurnalk,
  title={The diurnal {K}1 tide in the world oceanâ€”A numerical investigation},
  author={Zahel, W},
  journal={Pure and applied geophysics},
  volume={109},
  number={1},
  pages={1819--1825},
  year={1973},
  publisher={Springer}
}

@incollection{zahel1978influence,
  title={The influence of solid earth deformations on semidiurnal and diurnal oceanic tides},
  author={Zahel, W},
  booktitle={Tidal friction and the Earthâ€™s rotation},
  pages={98--124},
  year={1978},
  publisher={Springer}
}

@article{goldreich1966q,
  title={Q in the Solar System},
  author={Goldreich, Peter and Soter, Steven},
  journal={Icarus},
  volume={5},
  number={1},
  pages={375--389},
  year={1966},
  publisher={Elsevier}
}